
@article{matarrese1997large,
  title={Large-scale bias in the universe: bispectrum method},
  author={Matarrese, S and Verde, Licia and Heavens, AF},
  journal={Monthly Notices of the Royal Astronomical Society},
  volume={290},
  number={4},
  pages={651--662},
  year={1997},
  publisher={Blackwell Science Ltd Oxford, UK}
}

@article{loureiro2019cosmological,
  title="{Cosmological Measurements from Angular Power Spectra Analysis of BOSS DR12 Tomography}",
  author={Loureiro, Arthur and Moraes, Bruno and Abdalla, Filipe B and Cuceu, Andrei and McLeod, Michael and Whiteway, Lorne and Balan, Sreekumar T and Benoit-L{\'e}vy, Aur{\'e}lien and Lahav, Ofer and Manera, Marc and others},
  journal={Monthly Notices of the Royal Astronomical Society},
  year={2019}
}










